@report{Schmoldt2003,
	author = {Schmoldt, Rolf},
	type = {Guideline},
	title = {Leitfaden Elektronische Signatur},
	subtitle = {Elektronische Signatur mit und ohne Zertifikat, Elektronische Signatur mit eigenh√§ndiger Unterschrift},
	institution = {Signature Perfect KG},
	year = {2003},
	version = {5th Edition},
	language = {German},
	url = {http://www.signature-perfect.de/docs/Leitfaden_Elektronische_Signatur.pdf},
	urldate = {2018-02-20}}

@misc{wacom2018pdf,
	title={sign pro PDF},
	url={http://signature.wacom.eu/products/software/sign-pro-pdf/},
	author={Wacom},
	year={2018},
	language={English},
	urldate = {2018-04-03}
}

@misc{docusign2018integration,
	title={eSign a contract or document online with DocuSign},
	url={https://www.docusign.com/esignature/esign-contract},
	author={DocuSign Inc.},
	year={2018},
	language={English},
	urldate = {2018-04-04}
}

@misc{docusign2018mobile,
	title={Work smarter with the DocuSign mobile app},
	url={https://www.docusign.com/features-and-benefits/mobile},
	author={DocuSign Inc.},
	year={2018},
	language={English},
	urldate = {2018-04-04}
}