@report{Schmoldt2003,
	author = {Schmoldt, Rolf},
	type = {Guideline},
	title = {Leitfaden Elektronische Signatur},
	subtitle = {Elektronische Signatur mit und ohne Zertifikat, Elektronische Signatur mit eigenhändiger Unterschrift},
	institution = {Signature Perfect KG},
	year = {2003},
	version = {5th Edition},
	language = {German},
	url = {http://www.signature-perfect.de/docs/Leitfaden_Elektronische_Signatur.pdf},
	urldate = {2018-02-20}}

@misc{Herfrid2017,
	title={Rechtsgültigkeit und Rechtsverbindlichkeit der elektronischen Signatur},
	url={http://www.zdnet.de/88307031/rechtsgueltigkeit-und-rechtsverbindlichkeit-der-elektronischen-signatur/?inf_by=5a817b6c681db86c798b4cea},
	journal={zdnet.de},
	author={Herfrid, Rüdiger},
	language={German},
	institute={Adobe},
	year={2017},
	urldate = {2018-02-20}
}

@misc{Steffens2018Signaturarten,
	title={Unterscheidung der Signaturarten},
	url={https://www.signaturrecht.de/rechtlicher-rahmen/unterscheidungen-der-signaturenarten/},
	journal={IT Beratung & Entwicklung Gerald Steffens},
	author={Steffens, Gerald},
	language={German},
	year={2018},
	urldate = {2018-02-20}
}

@misc{Steffens2018eIDAS,
	title={eIDAS – Verordnung über elektronische Identifizierung und Vertrauensdienste für elektronische Transaktionen im Binnenmarkt},
	url={https://www.signaturrecht.de/eidas/},
	journal={IT Beratung & Entwicklung Gerald Steffens},
	author={Steffens, Gerald},
	language={German},
	year={2018},
	urldate = {2018-02-20}
}

@misc{Steffens2018Gueltigkeit,
	title={Gültigkeit},
	url={https://www.signaturrecht.de/rechtlicher-rahmen/gueltigkeit/},
	journal={IT Beratung & Entwicklung Gerald Steffens},
	author={Steffens, Gerald},
	language={German},
	year={2018},
	urldate = {2018-02-20}
}

@misc{BundesministeriumInneren2018,
	title={The eIDAS Regulation and its signification for the eID function},
	url={https://www.personalausweisportal.de/EN/Government/eIDAS_Regulation/eIDAS_regulation_node.html},
	institute={Bundesministeru{m d}e{s I}nneren},
	author={Bundesministeru{m d}e{s I}nneren},
	language={English},
	year={2018},
	urldate = {2018-02-20}
}

@misc{SignEasy2018,
	title={An overview of the eIDAS regulation},
	subtitle={Understanding the legality of electronic signatures},
	url={https://www.getsigneasy.com/eidas/},
	institute={SignEasy},
	author={SignEasy},
	language={English},
	year={2018},
	urldate = {2018-02-20}
}

@Misc{eIDAS2014,
	title={REGULATION  (EU)  No  910/2014  OF  THE  EUROPEAN  PARLIAMENT  AND  OF  THE  COUNCIL	of  23  July  2014 on  electronic  identification  and  trust  services  for  electronic  transactions  in  the  internal  market  and repealing  Directive  1999/93/EC},
	year={2014},
	author={Europea{n U}nion},
	language={English},
	place={Brüssel},
	pages={73--114},
	language={English},
	urldate={2018-02-21}
}

@misc{Bundestag2017,
	title={Gesetz zur Durchführung der Verordnung (EU) Nr. 910/2014	des Europäischen Parlaments und des Rates vom 23. Juli 2014	über elektronische Identifizierung und Vertrauensdienste für elektronische	Transaktionen im Binnenmarkt und zur Aufhebung der Richtlinie 1999/93/EG (eIDAS-Durchführungsgesetz)},
	institute={Bundesanzeiger Verlag GmbH},
	author={Bundestag},
	palce={Bonn},
	language={German},
	year={2017},
	urldate = {2018-02-21}
}

@misc{Bundesanzeiger2017,
	title={Europaweiter Rechtsrahmen für elektronische Signaturen},
	url={https://www.bundesanzeiger-verlag.de/gesetze/nachrichten/detail/artikel/europaweiter-rechtsrahmen-fuer-elektronische-signaturen-22362.html},
	author={Bundesanzeige{r V}erla{g G}mbH},
	language={German},
	year={2017},
	urldate = {2018-02-21}
}

@misc{CEFd2018,
	title={What is an electronic signature?},
	url={https://ec.europa.eu/cefdigital/wiki/pages/viewpage.action?pageId=46992760},
	author={Europea{n U}nion},
	language={English},
	year={2018},
	urldate = {2018-02-21}
}

@misc{biometric2017types,
	title={Types of Biometrics},
	url={https://www.biometricsinstitute.org/types-of-biometrics},
	author={Biometri{c I}nstitute},
	language={English},
	year={2017},
	urldate = {2018-02-22}
}

@misc{bayometric2018,
	title={Identity Goes Digital with Biometric Signature Verification},
	url={https://www.bayometric.com/biometric-signature-verification/},
	author={Dany Thakker},
	institute={Bayometric},
	language={English},
	year={2018},
	urldate = {2018-02-22}
}

@misc{Schmitz2004,
	title={Signatur per Unterschrift},
	url={http://www.handelsblatt.com/technik/it-internet/elektronische-signatur-mit-biometrischen-merkmalen-signatur-per-unterschrift/2309532.html},
	journal={Handelsblatt},
	author={Heinz Schmitz},
	year={2004},
	language={German},
	urldate = {2018-02-22}
}

@misc{codecentric2018partner,
	title={Unsere Partner},
	url={https://www.codecentric.de/ueber-uns/partner/},
	author={codecentri{c A}G},
	year={2018},
	language={German},
	urldate={2018-02-26}
	}

@misc{codecentric2018startups,
	title={Startups im Überblick},
	url={https://www.codecentric.de/ueber-uns/befreundete-startups/},
	author={codecentri{c A}G},
	year={2018},
	language={German},
	urldate={2018-02-26}
}

@misc{codecentric2018unternehmen,
	title={Über das Unternehmen codecentric AG},
	url={https://www.codecentric.de/ueber-uns/unternehmen/},
	author={codecentri{c A}G},
	year={2018},
	language={German},
	urldate={2018-02-26}
}

@misc{codecentric2018impressum,
	title={Impressum},
	url={https://www.codecentric.de/impressum/},
	author={codecentri{c A}G},
	year={2018},
	language={German},
	urldate={2018-03-12}
}

@misc{wacom2018about,
	title={Wacom's digital pen technology now available in your mobile device},
	url={https://www.wacom.com/en-ch/enterprise/technology-solutions},
	author={Wacom},
	year={2018},
	language={English},
	urldate={2018-03-20}
}

@misc{wacom2018sign,
	title={Wacom sign pro PDF},
	url={https://www.wacom.com/en-dk/enterprise/business-solutions/software-and-solutions/sign-pro-pdf},
	author={Wacom},
	year={2018},
	language={English},
	urldate={2018-03-20}
}

@misc{wacom2018pdf,
	title={sign pro PDF},
	url={http://signature.wacom.eu/products/software/sign-pro-pdf/},
	author={Wacom},
	year={2018},
	language={English},
	urldate = {2018-04-03}
}

@misc{docusign2018integration,
	title={eSign a contract or document online with DocuSign},
	url={https://www.docusign.com/esignature/esign-contract},
	author={DocuSig{n I}nc.},
	year={2018},
	language={English},
	urldate = {2018-04-04}
}

@misc{docusign2018saas,
	title={Building DocuSign’s Carrier-Grade Platform},
	url={https://www.docusign.com/blog/dsdev-building-docusigns-carrier-grade-platform/},
	author={DocuSig{n I}nc.},
	year={2018},
	language={English},
	urldate = {2018-04-17}
}

@misc{docusign2018op,
	title={The trusted private and hybrid cloud eSignature solution from DocuSign},
	url={https://www.docusign.com/products/signature-appliance},
	author={DocuSig{n I}nc.},
	year={2018},
	language={English},
	urldate = {2018-04-17}
}

@misc{docusign2018security,
	title={Authentication Capabilities },
	url={https://trust.docusign.com/en-us/trust-certifications/data-protection-and-trust-guide/appendix/authentication-capabilities/},
	author={DocuSig{n I}nc.},
	year={2018},
	language={English},
	urldate = {2018-04-17}
}

@misc{docusign2018google,
	title={Simplify your life and business with DocuSign for Google},
	url={https://www.docusign.com/solutions/google},
	author={DocuSig{n I}nc.},
	year={2018},
	language={English},
	urldate = {2018-04-17}
}

@misc{docusign2018jira,
	title={DocuSign for JIRA},
	url={https://www.docusign.com/partner/docusign-for-jira},
	author={DocuSig{n I}nc.},
	year={2018},
	language={English},
	urldate = {2018-04-17}
}

@misc{docusign2018mobile,
	title={Work smarter with the DocuSign mobile app},
	url={https://www.docusign.com/features-and-benefits/mobile},
	author={DocuSig{n I}nc.},
	year={2018},
	language={English},
	urldate = {2018-04-04}
}

@misc{docusign2018formats,
	title={Supported File Formats},
	url={https://support.docusign.com/guides/ndse-user-guide-supported-file-formats},
	author={DocuSig{n I}nc.},
	year={2018},
	language={English},
	urldate = {2018-04-04}
}

@misc{docusign2018legal,
	title={Rechtgültigkeit ist nur der erste Schritt},
	url={https://www.docusign.de/wie-es-funktioniert/rechtsg%C3%BCltigkeit},
	author={DocuSig{n I}nc.},
	year={2018},
	language={German},
	urldate = {2018-04-04}
}

@misc{docusign2018certificates,
	title={Trust},
	url={https://trust.docusign.com/en-us/trust-certifications/},
	author={DocuSig{n I}nc.},
	year={2018},
	language={English},
	urldate = {2018-04-04}
}

@misc{docusign2018api,
	title={API Plans and Pricing},
	url={https://www.docusign.com/products-and-pricing/api-plans},
	author={DocuSig{n I}nc.},
	year={2018},
	language={English},
	urldate = {2018-04-04}
}

@misc{docusign2018user,
	title={General Plans and Pricing},
	url={https://www.docusign.com/products-and-pricing},
	author={DocuSig{n I}nc.},
	year={2018},
	language={English},
	urldate = {2018-04-04}
}

@misc{docusign2018gdpr,
	title={GDPR and BCR},
	url={https://trust.docusign.com/en-us/trust-certifications/gdpr/},
	author={DocuSig{n I}nc.},
	year={2018},
	language={English},
	urldate = {2018-04-25}
}

@misc{docusign2018global,
	title={DocuSign and electronic signature law},
	url={https://www.docusign.com/how-it-works/legality},
	author={DocuSig{n I}nc.},
	year={2018},
	language={English},
	urldate = {2018-04-25}
}

@misc{docusign2018es,
	title={Mit DocuSign sind digitale Signaturen einfach},
	url={https://www.docusign.de/wie-es-funktioniert/elektronische-signatur/digitale-signatur},
	author={DocuSig{n I}nc.},
	year={2018},
	language={German},
	urldate = {2018-04-25}
}

@misc{hellosign2018price,
	title={Transparent Pricing. No Hidden Fees.},
	url={https://app.hellosign.com/info/pricing},
	author={HelloSign},
	year={2018},
	language={English},
	urldate = {2018-04-04}
}

@misc{hellosign2018api,
	title={Transparent API Pricing. Self Sign Up.},
	url={https://app.hellosign.com/api/pricing},
	author={HelloSign},
	year={2018},
	language={English},
	urldate = {2018-04-04}
}

@misc{hellosign2018documents,
	title={Supported file types and file size},
	url={https://faq.hellosign.com/hc/en-us/articles/206521057-Supported-file-types-and-file-size},
	author={HelloSign},
	year={2018},
	language={English},
	urldate = {2018-04-04}
}

@misc{hellosign2018legal,
	title={HelloSign Legality Statement},
	url={https://www.hellosign.com/legal},
	author={HelloSign},
	year={2018},
	language={English},
	urldate = {2018-04-04}
}

@misc{hellosign2018security,
	title={Authentication},
	url={hhttps://www.hellosign.com/security/authentication#content},
	author={HelloSign},
	year={2018},
	language={English},
	urldate = {2018-04-17}
}

@misc{hellosign2018features,
	title={Feature List},
	url={https://www.hellosign.com/features},
	author={HelloSign},
	year={2018},
	language={English},
	urldate = {2018-04-17}
}

@misc{hellosign2018integration,
	title={HelloSign Integrations},
	url={https://www.hellosign.com/integrations},
	author={HelloSign},
	year={2018},
	language={English},
	urldate = {2018-04-04}
}

@misc{hellosign2018compliance,
	title={Compliance},
	url={https://www.hellosign.com/security/compliance},
	author={HelloSign},
	year={2018},
	language={English},
	urldate = {2018-04-25}
}

@misc{adobesign2018integration,
	title={Warum Adobe?},
	url={https://acrobat.adobe.com/de/de/business/integrations.html},
	author={Adobe},
	year={2018},
	language={German},
	urldate = {2018-04-11}
}

@misc{adobesign2018info,
	title={Funktionen},
	url={https://acrobat.adobe.com/de/de/sign/capabilities/electronic-signatures.html?promoid=FHRLZKG4&mv=other},
	author={Adobe},
	year={2018},
	language={German},
	urldate = {2018-04-11}
}

@misc{adobesign2018legal,
	title={Sind elektronische Signaturen rechtsgültig? Uneingeschränkt.},
	url={https://acrobat.adobe.com/de/de/sign/capabilities/electronic-signature-legality.html},
	author={Adobe},
	year={2018},
	language={German},
	urldate = {2018-04-11}
}

@misc{adobesign2018costs,
	title={Adobe Sign - Welche Option ist die richtige für Sie?},
	url={https://acrobat.adobe.com/de/de/sign/pricing/plans.html?promoid=FVYPZ681&mv=other%20},
	author={Adobe},
	year={2018},
	language={German},
	urldate = {2018-04-11}
}

@misc{adobesign2018security,
	title={Verify signer identity},
	url={https://helpx.adobe.com/sign/help/Signer-authentication-methods.html},
	author={Adobe},
	year={2018},
	language={English},
	urldate = {2018-04-17}
}

@misc{adobesign2018api,
	title={Integrate Adobe Sign into your company's systems.},
	url={https://www.adobe.io/apis/documentcloud/sign.html},
	author={Adobe},
	year={2018},
	language={English},
	urldate = {2018-04-17}
}

@misc{adobesign2018gdpr,
	title={GDPR and Your Business},
	url={https://www.adobe.com/privacy/general-data-protection-regulation.html},
	author={Adobe},
	year={2018},
	language={English},
	urldate = {2018-04-25}
}

@misc{adobesign2018es,
	title={Our digital signatures meet your compliance needs},
	url={https://acrobat.adobe.com/us/en/sign/capabilities/digital-signatures.html},
	author={Adobe},
	year={2018},
	language={English},
	urldate = {2018-04-25}
}

@report{adobesign2016,
	author = {Va{n Eeckes}, Prof. Dr. Patrick},
	title = {Abobe Sign - Compliance with European electronic signatures legislation},
	institution = {DLA Piper},
	date = {2016},
	language = {English},
	pages = {6 et seqq.},
	url = {https://acrobat.adobe.com/content/dam/doc-cloud/en/pdfs/adobe-sign-eidas-compliance-uk.pdf},
	urldate = {2018-04-17},
}


@misc{signnow2018enterprise,
	title={Enterprise Class},
	url={https://www.signnow.com/#enterprise-class},
	author={PDFfille{r I}nc.},
	year={2018},
	language={English},
	urldate = {2018-04-12}
}

@misc{signnow2018price,
	title={Pricing},
	url={https://www.signnow.com/pricing},
	author={PDFfille{r I}nc.},
	year={2018},
	language={English},
	urldate = {2018-04-12}
}

@misc{signnow2018legal,
	title={ESIGN Compliance},
	url={https://www.signnow.com/compliance/},
	author={PDFfille{r I}nc.},
	year={2018},
	language={English},
	urldate = {2018-04-12}
}

@misc{signnow2018op,
	title={Private cloud solution for better security},
	url={https://www.signnow.com/features/private-cloud-solution-for-better-security},
	author={PDFfille{r I}nc.},
	year={2018},
	language={English},
	urldate = {2018-04-17}
}

@misc{signnow2018security,
	title={Document Security and Authentication},
	url={https://www.signnow.com/features/document-security-and-authentication},
	author={PDFfille{r I}nc.},
	year={2018},
	language={English},
	urldate = {2018-04-17}
}

@misc{esign2018info,
	title={Document Security and Authentication},
	url={https://www.esignlive.com/products/overview/},
	author={eSignLive by VASCO},
	year={2018},
	language={English},
	urldate = {2018-04-17}
}

@misc{esign2018security,
	title={eSignLive How To: Authenticating Signers},
	url={https://www.esignlive.com/blog/esignlive-how-to-authenticating-signers/},
	author={Haidary, Haris},
	year={2015},
	language={English},
	urldate = {2018-04-17}
}

@misc{esign2018legal,
	title={eSignLive Trust Center},
	url={https://trust.esignlive.com/},
	author={eSignLive by VASCO},
	year={2018},
	language={English},
	urldate = {2018-05-03}
}

@report{esign2018eidas,
	author = {Brazell, Lorna},
	title = {eIdAS and E-Signature: A Legal Perspective},
	institution = {Osborne Clarke LLP},
	date = {2016},
	subtitle = {Electronic Signatures in the European Union},
	language = {English},
	chapter = {Part 2},
	OPTpages = {5 ff},
	url = {https://www.esignlive.com/wp-content/uploads/eSignLive-eIDAS-and-E-Signature-Legal-Perspective_062016.pdf},
	OPTurldate = {2018-05-03},
}


@misc{pandadoc2018integration,
	title={Integration},
	url={https://www.pandadoc.com/integrations/},
	author={PandaDoc{, Inc.}},
	year={2018},
	language={English},
	urldate = {2018-04-18}
}

@misc{pandadoc2018api,
	title={Build documents, forms, and electronic signing into your own app.},
	url={https://developers.pandadoc.com/},
	author={PandaDoc{, Inc.}},
	year={2018},
	language={English},
	urldate = {2018-04-18}
}

@misc{pandadoc2018saas,
	title={PandaDoc for eSignatures},
	url={https://help.pandadoc.com/faqs/pandadoc-for-esignatures/},
	author={PandaDoc{, Inc.}},
	year={2017},
	language={English},
	urldate = {2018-04-18}
}

@misc{pandadoc2018gdpr,
	title={PandaDoc’s Plan for GDPR Compliance},
	url={https://www.pandadoc.com/gdpr/},
	author={PandaDoc{, Inc.}},
	year={05/04/2018},
	language={English},
	urldate = {2018-04-25}
}

@misc{pandadoc2018legal,
	title={What are eSignatures?},
	url={https://go.pandadoc.com/getstarted/esignatures/},
	author={PandaDoc{, Inc.}},
	year={2018},
	language={English},
	urldate = {2018-04-25}
}

@misc{kofax2018sdk,
	title={Kofax SignDoc SDK },
	url={https://www.kofax.de/products/kofax-signature-solutions/kofax-signdoc-sdk},
	author={Kofa{x Inc.}},
	year={2018},
	language={German},
	urldate = {2018-04-23}
}

@misc{signAny2018info,
	title={Your eSignAnyWhere benefits},
	url={https://content.signanywhere.com/},
	author={NAMIRIA{L S}RL},
	year={2017},
	language={German},
	urldate = {2018-04-23}
}

@misc{signAny2018business,
	title={Business},
	url={https://content.signanywhere.com/features/business/},
	author={NAMIRIA{L S}RL},
	year={2017},
	language={English},
	urldate = {2018-04-24}
}

@misc{signAny2018api,
	title={Manage Documents},
	url={https://content.signanywhere.com/features/manage-documents/},
	author={NAMIRIA{L S}RL},
	year={2017},
	language={English},
	urldate = {2018-04-24}
}

@misc{signAny2018dev,
	title={Build your own signing experience},
	url={https://content.signanywhere.com/developers/},
	author={NAMIRIA{L S}RL},
	year={2017},
	language={English},
	urldate = {2018-04-24}
}

@misc{signAny2018guide,
	title={User Guide},
	url={https://content.signanywhere.com/support/user-guide/},
	author={NAMIRIA{L S}RL},
	year={2017},
	language={English},
	urldate = {2018-04-24}
}

@misc{signAny2018sign,
	title={Sign Documents},
	url={https://content.signanywhere.com/features/sign-documents/},
	author={NAMIRIA{L S}RL},
	year={2017},
	language={English},
	urldate = {2018-04-24}
}

@misc{signAny2018contact,
	title={Contact},
	url={https://content.signanywhere.com/contact-page/},
	author={NAMIRIA{L S}RL},
	year={2017},
	language={English},
	urldate = {2018-04-24}
}

@misc{signAny2018trust,
	title={Trusted List Browser - Namirial S.p.A.},
	url={https://webgate.ec.europa.eu/tl-browser/#/tl/IT/32/8},
	author={Europea{n C}ommission},
	year={2018},
	language={English},
	urldate = {2018-05-03}
}

@misc{docusign2018sdk,
	title={REST API: SDKs},
	url={https://developers.docusign.com/esign-rest-api/sdk-tools},
	author={DocuSig{n I}nc.},
	year={2018},
	language={English},
	urldate = {2018-06-15}
}

@misc{mockito2018,
	title={mockito},
	url={http://site.mockito.org/},
	author={Szczepan Faber},
	year={2018},
	language={English},
	urldate = {2018-06-15}
}

@misc{junit2018,
	title={JUnit - Test Framework},
	url={https://www.tutorialspoint.com/junit/junit_test_framework.htm},
	author={tutorialpoint},
	year={2018},
	language={English},
	urldate = {2018-06-15}
}

@misc{hs2018,
	title={H2 Database Engine},
	url={http://www.h2database.com/html/main.html},
	author={H2},
	year={2018},
	language={English},
	urldate = {2018-06-15}
}

@misc{lombok2018,
	title={Project Lombok},
	url={https://projectlombok.org/},
	author={Th{e P}rojec{t L}ombo{k A}uthors},
	year={2018},
	language={English},
	urldate = {2018-06-15}
}

@misc{scrum2018,
	title={What is Scrum?},
	url={https://www.scrum.org/resources/what-is-scrum/},
	author={Scrum.org},
	year={2018},
	language={English},
	urldate = {2018-06-19}
}

@misc{rdbsql2018,
	title={What is a Relational Database Management System?},
	url={https://www.codecademy.com/articles/what-is-rdbms-sql},
	author={Codeacademy},
	year={2018},
	language={English},
	urldate = {2018-06-20}
}

@misc{docusign2018developer,
	title={REST API: Quickstart Guide},
	url={https://developers.docusign.com/esign-rest-api/guides},
	author={DocuSig{n I}nc.},
	year={2018},
	language={English},
	urldate = {2018-06-20}
}

@misc{thymeleaf2018,
	title={Thymeleaf},
	url={https://www.thymeleaf.org/},
	author={Th{e T}hymelea{f T}eam},
	year={2018},
	language={English},
	urldate = {2018-06-20}
}

@misc{enum2018,
	title={Enum Types},
	url={https://docs.oracle.com/javase/tutorial/java/javaOO/enum.html},
	author={Oracle},
	year={2017},
	language={English},
	urldate = {2018-06-20}
}